% FICHIER POUR LA BIBLIO

@book{bleecker_gauge_1981,
  address   = {Reading, Mass},
  series    = {Global analysis, pure and applied},
  title     = {Gauge theory and variational principles},
  isbn      = {978-0-201-10096-9},
  language  = {eng},
  number    = {1},
  publisher = {Addison-Wesley},
  author    = {Bleecker, David},
  year      = {1981}
}

@article{weyl_gravitation_1918,
  title   = {Gravitation and electricity},
  volume  = {1918},
  journal = {Sitzungsber. Preuss. Akad. Wiss. Berlin (Math. Phys. )},
  author  = {Weyl, Hermann},
  year    = {1918},
  pages   = {465}
}

@book{kobayashi_foundations_1996,
  address   = {New York},
  title     = {Foundations of differential geometry. 2},
  isbn      = {978-0-471-15732-8},
  language  = {eng},
  publisher = {Wiley},
  author    = {Kobayashi, Sh≈çshichi and Nomizu, Katsumi},
  year      = {1996}
}